
@online{alphabet2022,
  type = {Statistikwebsite},
  title = {Werbeumsätze der Google-Websites weltweit in den Jahren 2001 bis 2021},
  author = {Alphabet},
  date = {2022-02},
  url = {https://de.statista.com/statistik/daten/studie/75181/umfrage/werbeumsatz-der-google-websites-seit-2001/},
  urldate = {2022-09-18},
  abstract = {Diese Statistik bildet die Höhe der Werbeumsätze der Google-Websites in den Jahren 2001 bis 2021 ab.},
  langid = {ngerman},
  organization = {{Statista}}
}

@inproceedings{bicer2011,
  title = {Ranking Support for Keyword Search on Structured Data Using Relevance Models},
  booktitle = {Proceedings of the 20th {{ACM}} International Conference on {{Information}} and Knowledge Management - {{CIKM}} '11},
  author = {Bicer, Veli and Tran, Thanh and Nedkov, Radoslav},
  date = {2011},
  pages = {1669},
  publisher = {{ACM Press}},
  location = {{Glasgow, Scotland, UK}},
  doi = {10.1145/2063576.2063818},
  eventtitle = {The 20th {{ACM}} International Conference},
  isbn = {978-1-4503-0717-8},
  langid = {english}
}

@article{bookstein2007,
  title = {Relevance},
  author = {Bookstein, Abraham},
  date = {2007-09-06},
  journaltitle = {Journal of the American Society for Information Science},
  shortjournal = {J. Am. Soc. Inf. Sci.},
  volume = {30},
  number = {5},
  pages = {269--273},
  issn = {00028231, 10974571},
  doi = {10.1002/asi.4630300505},
  langid = {english}
}

@online{duden2022,
  title = {Duden | Wie schreibt man „googeln“? | Rechtschreibung},
  shorttitle = {Duden | Wie schreibt man „googeln“?},
  author = {Duden},
  date = {2022},
  url = {https://www.duden.de/rechtschreibung/googeln},
  urldate = {2022-09-18},
  abstract = {Ihr Suchwort 'googeln': Rechtschreibung, Bedeutung, Definition, Herkunft, Synonyme auf Duden online nachschlagen. Wörterbuch der deutschen Sprache.},
  langid = {ngerman}
}

@article{jacobson2016,
  title = {Use-{{Case}} 2.0: {{The Hub}} of {{Software Development}}},
  shorttitle = {Use-{{Case}} 2.0},
  author = {Jacobson, Ivar and Spence, Ian and Kerr, Brian},
  date = {2016-01},
  journaltitle = {Queue},
  shortjournal = {Queue},
  volume = {14},
  number = {1},
  pages = {94--123},
  issn = {1542-7730, 1542-7749},
  doi = {10.1145/2898442.2912151},
  abstract = {Use cases have been around for almost 30 years as a requirements approach and have been part of the inspiration for more-recent techniques such as user stories. Now the inspiration has flown in the other direction. Use-Case 2.0 is the new generation of use-case-driven development-light, agile, and lean-inspired by user stories and the agile methodologies Scrum and Kanban.},
  langid = {english}
}

@online{jeffries2022,
  title = {Essential {{XP}}: {{Card}}, {{Conversation}}, {{Confirmation}}},
  author = {Jeffries, Ron},
  date = {2022},
  url = {https://ronjeffries.com/xprog/articles/expcardconversationconfirmation/},
  urldate = {2022-09-18},
  abstract = {The XP Circle of Life helps keep projects alive. A key aspect of this cycle is the Acceptance Test. Acceptance Tests are critical to communication among team members, especially between customer and programmer.}
}

@misc{liu2009,
  title = {{{WWW}} 2009 {{MADRID}}! {{Track}}: {{Rich Media}} / {{Session}}: {{Tagging}} and {{Clustering Tag Ranking}} ∗},
  shorttitle = {{{WWW}} 2009 {{MADRID}}! {{Track}}},
  author = {Liu, Dong and Hua, Xian-sheng and Wang, Meng and Zhang, Hong-jiang and Yang, Linjun},
  date = {2009},
  abstract = {Social media sharing web sites like Flickr allow users to annotate images with free tags, which significantly facilitate Web image search and organization. However, the tags associated with an image generally are in a random order without any importance or relevance information, which limits the effectiveness of these tags in search and other applications. In this paper, we propose a tag ranking scheme, aiming to automatically rank the tags associated with a given image according to their relevance to the image content. We first estimate initial relevance scores for the tags based on probability density estimation, and then perform a random walk over a tag similarity graph to refine the relevance scores. Experimental results on a 50, 000 Flickr photo collection show that the proposed tag ranking method is both effective and efficient. We also apply tag ranking into three applications: (1) tag-based image search, (2) tag recommendation, and (3) group recommendation, which demonstrates that the proposed tag ranking approach really boosts the performances of social-tagging related applications.}
}

@online{netmarketshare2022,
  type = {Statistikwebsite},
  title = {Marktanteile der Suchmaschinen - Mobil und stationär 2022},
  author = {NetMarketShare},
  date = {2022-02},
  url = {https://de.statista.com/statistik/daten/studie/222849/umfrage/marktanteile-der-suchmaschinen-weltweit/},
  urldate = {2022-09-18},
  abstract = {Im Desktop-Suchmaschinen-Markt weltweit war Google mit einem Anteil von 80 Prozent an den Suchanfragen im Januar 2022 Marktführer.},
  langid = {ngerman},
  organization = {{Statista}}
}

@online{pfleiderer2022,
  type = {Webapp},
  title = {CROSSLOAD},
  author = {Pfleiderer, Daniel},
  date = {2022-09-18},
  url = {https://crossload.org/info/ueber},
  urldate = {2022-09-18},
  abstract = {Auf CROSSLOAD findest du christliche Predigten, Gottesdienste, Bibelarbeiten, Bücher, Musik, und Bilder. Du kannst die Inhalte online ansehen oder herunterladen.},
  langid = {ngerman},
  organization = {{CROSSLOAD}},
  keywords = {crossload,hintergrund}
}

@article{robertson1976,
  title = {Relevance Weighting of Search Terms},
  author = {Robertson, S. E. and Jones, K. Sparck},
  date = {1976-05},
  journaltitle = {Journal of the American Society for Information Science},
  shortjournal = {J. Am. Soc. Inf. Sci.},
  volume = {27},
  number = {3},
  pages = {129--146},
  issn = {00028231, 10974571},
  doi = {10.1002/asi.4630270302},
  langid = {english}
}

@online{similarweb2022,
  type = {Statistikwebsite},
  title = {Anzahl der Visits von google.com von März 2019 bis August 2022},
  author = {SimilarWeb},
  date = {2022-09},
  url = {https://de.statista.com/statistik/daten/studie/1022348/umfrage/anzahl-der-visits-pro-monat-von-googlecom/},
  urldate = {2022-09-18},
  abstract = {Im August 2022 belief sich die Zahl der Visits von google.com über Desktop-PCs und Mobile Web auf rund 87,3 Milliarden.},
  langid = {ngerman},
  organization = {{Statista}}
}

@book{turnbull2016,
  title = {Relevant {{Search}}: {{With}} Applications for {{Solr}} and {{Elasticsearch}}},
  author = {Turnbull, Doug and Berryman, John},
  date = {2016},
  publisher = {{Manning}},
  abstract = {Relevant Search demystifies relevance work. Using Elasticsearch, it teaches you how to return engaging search results to your users, helping you understand and leverage the internals of Lucene-based search engines.},
  isbn = {978-1-61729-277-4}
}

@book{witte2016,
  title = {Testmanagement und Softwaretest},
  author = {Witte, Frank},
  date = {2016},
  publisher = {{Springer Fachmedien}},
  location = {{Wiesbaden}},
  doi = {10.1007/978-3-658-09964-0},
  abstract = {Um eine Struktur in die gesammelten Anforderungen hineinzubringen, werden diese in funktionale und nicht funktionale User Stories beziehungsweise Anforderungen unterteilt. User Stories sind dabei auch Anforderungen nach dem SMART Prinzip,  da diese nur einen kleinen abgesteckten Teilbereich einer Funktionalität oder ähnlichem enthalten. Dadurch können sie einfacher geschätzt werden und sind sehr spezifisch für ihren Fall konfiguriert},
  isbn = {978-3-658-09963-3 978-3-658-09964-0},
  langid = {ngerman},
  keywords = {Agile Testing,Fehlermanagement,Mobile Testing,Modultest,Multivariate Testing,Softwaretest,Systemtest,Testautomatisierung,Testen in der Cloud,Testkonzept,Testmanagement,Testnorm,Testprozesse,V-Modell}
}

@incollection{zaragoza2018,
  title = {Web {{Search Relevance Ranking}}},
  booktitle = {Encyclopedia of {{Database Systems}}},
  author = {Zaragoza, Hugo and Najork, Marc},
  editor = {Liu, Ling and Özsu, M. Tamer},
  date = {2018},
  pages = {4650--4655},
  publisher = {{Springer New York}},
  location = {{New York, NY}},
  doi = {10.1007/978-1-4614-8265-9_463},
  isbn = {978-1-4614-8266-6 978-1-4614-8265-9},
  langid = {english}
}


